<?xml version="1.0" encoding="UTF-8"?><collection xmlns="http://www.loc.gov/MARC21/slim"><record><leader>00367nam--2200121-i-4500</leader><controlfield tag="001">000005583</controlfield><controlfield tag="002">20161230</controlfield><controlfield tag="005">20161230201026</controlfield><controlfield tag="008">060222s1000------------r-----000-0-eng-d</controlfield><datafield ind1=" " ind2=" " tag="100"><subfield code="a">Belevitch, V</subfield></datafield><datafield ind1=" " ind2=" " tag="245"><subfield code="a">Theorie des circuits non-lineaires en regime alternatif.(redresseurs, modulateurs, oscillat eurs)</subfield></datafield><datafield ind1=" " ind2=" " tag="260"><subfield code="a">Paris, Gauthier-villars, 1959. 293 P</subfield></datafield><datafield ind1=" " ind2=" " tag="852"><subfield code="a">16391</subfield></datafield></record></collection>